%! Author = florian
%! Date = 25.05.23

@ARTICLE{enviromental-impact-bitcoin,
    author={Badea, Liana and Mungiu-Pupazan, Mariana Claudia},
    journal={IEEE Access},
    title={The Economic and Environmental Impact of Bitcoin},
    year={2021},
    volume={9},
    number={},
    pages={48091-48104},
    doi={10.1109/ACCESS.2021.3068636}
}

@article{blockchain-energy-sector,
    title = {Blockchain technology in the energy sector: A systematic review of challenges and opportunities},
    journal = {Renewable and Sustainable Energy Reviews},
    volume = {100},
    pages = {143-174},
    year = {2019},
    issn = {1364-0321},
    doi = {https://doi.org/10.1016/j.rser.2018.10.014},
    url = {https://www.sciencedirect.com/science/article/pii/S1364032118307184},
    author = {Merlinda Andoni and Valentin Robu and David Flynn and Simone Abram and Dale Geach and David Jenkins and Peter McCallum and Andrew Peacock},
}

@article{why-does-bitcoin-use-so-much-energy,
    author	={John Schmidt},
    title	={Why Does Bitcoin Use So Much Energy?},
    year	={2023},
    url	={https://www.forbes.com/advisor/investing/cryptocurrency/bitcoins-energy-usage-explained/}
}

@article{overview-of-sustainablity-blockchains,
    title = {The good, the bad and the ugly: An overview of the sustainability of blockchain technology},
    journal = {Energy Research \& Social Science},
    volume = {69},
    pages = {101614},
    year = {2020},
    issn = {2214-6296},
    doi = {https://doi.org/10.1016/j.erss.2020.101614},
    url = {https://www.sciencedirect.com/science/article/pii/S2214629620301894},
    author = {Christophe Schinckus},
}

@article{4-ways-to-counter-blockchains-energy-consumption,
    author	={Kayla Matthews},
    title	={4 ways to counter blockchain's energy consumption pitfall},
    year	={2019},
    url	={https://www.greenbiz.com/article/4-ways-counter-blockchains-energy-consumption-pitfall}
}

@article{CBECI,
    author	={Cambridge {C}entre for {A}lternative {F}inance},
    title	={Cambridge Bitcoin Electricity Consumption Index (CBECI)},
    year	={2023},
    url	={https://ccaf.io/cbnsi/}
}
